@inproceedings{karmarkar1984new,
  title={A new polynomial-time algorithm for linear programming},
    author={Karmarkar, Narendra},
	  booktitle={Proceedings of the sixteenth annual ACM symposium on Theory of computing},
	    pages={302--311},
		  year={1984},
		    organization={ACM}
			}

@article{khachiyan1980polynomial,
  title={Polynomial algorithms in linear programming},
    author={Khachiyan, Leonid G},
	  journal={USSR Computational Mathematics and Mathematical Physics},
	    volume={20},
		  number={1},
		    pages={53--72},
			  year={1980},
			    publisher={Elsevier}
				}

@incollection{goldfarb1994complexity,
  title={On the complexity of the simplex method},
    author={Goldfarb, Donald},
	  booktitle={Advances in optimization and numerical analysis},
	    pages={25--38},
		  year={1994},
		    publisher={Springer}
			}
